@book{Lablée:2015Spectral,
	author = {Lablée, Olivier},
	title = {Spectral Theory in Riemannian Geometry},
	year = {2015},
	series = {EMS Textbooks in mathematics},
	publisher = {European Mathematical Society Publishing House},
	address = {Zürich},
	language = {eng},
	url = {https://ems.press/books/etb/204},
	isbn = {978-3-03719-151-4},
	doi = {10.4171/151}
}

@book{Brezis:2011Functional,
	author = {Brezis, Haim},
	title = {Functional Analysis, Sobolev Spaces and Partial Differential Equations},
	year = {2011},
	series = {Universitext},
	publisher = {Springer New York},
	address = {New York, NY},
	language = {eng},
	isbn = {978-0-387-70914-7},
	doi = {10.1007/978-0-387-70914-7},
	url = {https://link.springer.com/book/10.1007/978-0-387-70914-7}
}

@book{Knapp:2005Advanced,
	author = {Knapp, Anthony W.},
	title = {Advanced Real Analysis: Along with a companion volume "Basic Real Analysis"},
	year = {2005},
	series = {Cornerstones},
	publisher = {Birkh{\"a}user Boston},
	address = {Boston, MA},
	language = {eng},
	isbn = {978-0-8176-4442-0},
	doi = {10.1007/0-8176-4442-3},
	url = {https://link.springer.com/book/10.1007/0-8176-4442-3}
}

@book{RenardyRogers:2004IntroductionPDE,
	author = {Renardy, Michael and Rogers, Robert C.},
	title = {An Introduction to Partial Differential Equations},
	year = {2004},
	series = {Texts in Applied Mathematics},
	publisher = {Springer New York},
	address = {New York, NY},
	language = {eng},
	isbn = {978-0-387-21687-4},
	doi = {10.1007/0-387-21687-1},
	url = {https://link.springer.com/book/10.1007/b97427}
}

@book{Conway:2007Course,
	author = {Conway, John B.},
	title = {A Course in Functional Analysis},
	year = {2007},
	series = {Graduate Texts in Mathematics},
	publisher = {Springer New York},
	address = {New York, NY},
	language = {eng},
	isbn = {978-1-4757-4383-8},
	doi = {10.1007/978-1-4757-4383-8},
	url = {https://link.springer.com/book/10.1007/978-1-4757-4383-8}
}

@BOOK{PaganiSalsa:2015Analisi2,
	author = {Pagani, Carlo Domenico and Salsa, Sandro},
	title = {Analisi matematica, vol.. 2},
	edition = {2a ed..},
	year = {2015},
	publisher = {Zanichelli},
	address = {Bologna},
	isbn = {978-88-08-63708-6},
	language = {ita},
	url = {https://www.zanichelli.it/ricerca/prodotti/analisi-matematica-pagani-salsa-001},
}

@book{KolmogorovFomin:1980Elementi,
	author = {Kolmogorov, Andrej N. and Fomin, Sergej V.},
	title = {Elementi di teoria delle funzioni e di analisi funzionale},
	year = {1980},
	publisher = {Edizioni Mir},
	address = {Mosca},
	language = {ita}
}

@book{CourantHilbert:1989Methods,
	ISBN = {0-471-50447-5},
	DOI = {10.1002/9783527617210},
	URL = {https://onlinelibrary.wiley.com/doi/book/10.1002/9783527617210},
	author = {Courant, Richard and Hilbert, David},
	title = {Methods of Mathematical Physics, vol.. 1},
	year = {1989},
	publisher = {Wiley-VCH},
	address = {USA},
	language = {eng}
}

@book{Roe:1999Elliptic,
	ISBN = {9780429159763},
	DOI = {10.1201/b16418},
	URL = {https://www.taylorfrancis.com/books/mono/10.1201/b16418},
	author = {Roe, John},
	title = {Elliptic Operators, Topology, and Asymptotic Methods},
	edition = {2},
	year = {1999},
	publisher = {Chapman and Hall/CRC},
	address = {New York, NY},
	language = {eng}
}

@book{CraioveanuPutaRassias:2001OldNew,
	author= {Craioveanu, Mircea and Puta, Mircea and Rassias, Themistocles M.},
	title= {Old and New Aspects in Spectral Geometry},
	year= {2001},
	publisher= {Springer Netherlands},
	address={Dordrecht},
	language = {eng},
	isbn={978-94-017-2475-3},
	doi={10.1007/978-94-017-2475-3},
	url={https://link.springer.com/book/10.1007/978-94-017-2475-3}
}

@book{Hida:1980Brownian,
	author={Hida, Takeyuki},
	title= {Brownian Motion},
	year= {1980},
	publisher= {Springer US},
	address= {New York, NY},
	isbn= {978-1-4612-6030-1},
	doi= {10.1007/978-1-4612-6030-1},
	url= {https://link.springer.com/book/10.1007/978-1-4612-6030-1},
	language = {eng}
}

@book{Hormander:2015Analysis,
	title={The analysis of linear partial differential operators I: Distribution theory and Fourier analysis},
	author={H{\"o}rmander, Lars},
	year= {2003},
	publisher= {Springer Berlin Heidelberg},
	address= {Berlin, Heidelberg},
	isbn= {978-3-642-61497-2},
	doi= {10.1007/978-3-642-61497-2},
	url= {https://link.springer.com/book/10.1007/978-3-642-61497-2},
	language = {eng}
}

@book{Berard:2006Spectral,
	title={Spectral geometry: direct and inverse problems: With an Appendix by G. Besson},
	author={B{\'e}rard, Pierre H.},
	volume={1207},
	year={1986},
	series = {Lecture Notes in Mathematics},
	publisher= {Springer Berlin Heidelberg},
	address= {Berlin, Heidelberg},
	isbn= {978-3-540-40958-8},
	doi={10.1007/BFb0076330},
	url={https://link.springer.com/book/10.1007/BFb0076330},
	language = {eng}
}

@book{DoCarmo:2016Differential,
	title={Differential geometry of curves and surfaces: revised and updated second edition},
	author={Do Carmo, Manfredo Perdig{\~a}o},
	year={2018},
	publisher={Courier Dover Publications},
	isbn = {9780486806990},
	language = {eng}
}

@book{Polya:1951Isoperimetric,
	ISBN = {9780691079882},
	URL = {http://www.jstor.org/stable/j.ctt1b9rzzn},
	author={P{\'o}lya, Gy{\"o}rgy and Szeg{\"o}, G{\'a}bor},
	publisher = {Princeton University Press},
	title = {Isoperimetric Inequalities in Mathematical Physics. (AM-27)},
	urldate = {2022-10-22},
	year = {1951},
	language = {eng}
}

@Inbook{DuistermaatGuillemin:1994Spectrum,
	author= {Duistermaat, J. J. and Guillemin, V. W.},
	editor= {Br{\"u}ning, Jochen
	and Guillemin, Victor W.},
	title= {The Spectrum of Positive Elliptic Operators and Periodic Bicharacteristics},
	bookTitle= {Mathematics Past and Present Fourier Integral Operators},
	year={1994},
	publisher={Springer Berlin Heidelberg},
	address={Berlin, Heidelberg},
	pages={243--283},
	isbn={978-3-662-03030-1},
	doi={10.1007/978-3-662-03030-1_5},
	url={https://link.springer.com/chapter/10.1007/978-3-662-03030-1_5}
}

@article{Kac:1966Shape,
	ISSN = {00029890, 19300972},
	DOI = {10.2307/2313748},
	URL = {http://www.jstor.org/stable/2313748},
	author = {Mark Kac},
	journal = {The American Mathematical Monthly},
	number = {4},
	pages = {1--23},
	publisher = {Mathematical Association of America},
	title = {Can One Hear the Shape of a Drum?},
	volume = {73},
	year = {1966}
}

@ARTICLE{Protter:1987Revisited,
	ISSN = {00361445},
	URL = {http://www.jstor.org/stable/2031658},
	author = {M. H. Protter},
	journal = {SIAM Review},
	number = {2},
	pages = {185--197},
	publisher = {Society for Industrial and Applied Mathematics},
	title = {Can One Hear the Shape of a Drum? Revisted},
	volume = {29},
	year = {1987}
}

@ARTICLE{ZhiqinLu:2015Symmetry,
	doi = {10.4169/amer.math.monthly.122.9.815},
	URL = { 
	https://www.tandfonline.com/doi/abs/10.4169/amer.math.monthly.122.9.815},
	year = {2015},
	publisher = {Taylor & Francis},
	volume = {122},
	number = {9},
	pages = {815--835},
	author = {Lu, Zhiqin and Rowlett, Julie},
	title = {The Sound of Symmetry},
	journal = {The American Mathematical Monthly}
}

@article{GrieserMaronna:2013Triangles,
	doi = {10.1090/noti1063},
	URL = {https://www.ams.org/notices/201311/rnoti-p1440.pdf},
	year={2013},
	publisher = {American Mathematical Society},
	volume={60},
	number={11},
	pages={1440--1447},
	title={Hearing the shape of a triangle},
	author={Grieser, Daniel and Maronna, Svenja},
	journal={Notices of the AMS}
}

@article{GordonWebbWolpert:1992Isospectral,
	doi	= {10.1007/bf01231320},
	url =  {https://link.springer.com/article/10.1007/BF01231320},
	title	= {Isospectral plane domains and surfaces via Riemannian orbifolds},
	author	= {Gordon, Carolyn and Webb, David and Wolpert, Scott},
	journal	= {Inventiones mathematicae},
	year	= {1992},
	month	= {12},
	volume	= {110},
	issue	= {1},
	page	= {1--22},
	publisher = {Springer}
}

@article{Demaine:2008Flip,
	title={All Polygons Flip Finitely... Right?},
	author={Demaine, Erik D. and Gassend, Blaise and O'Rourke, Joseph and Toussaint, Godfried T.},
	journal={Surveys on Discrete and Computational Geometry: Twenty Years Later},
	volume={453},
	pages={231--255},
	year={2008},
	publisher={American Mathematical Society},
	url = {http://erikdemaine.org/papers/Flips_DCG20/paper.pdf}
}

@article{Milnor:1964Eigenvalues,
	ISSN = {00278424},
	URL = {http://www.jstor.org/stable/71962},
	author = {Milnor, John},
	journal = {Proceedings of the National Academy of Sciences of the United States of America},
	number = {4},
	pages = {542--542},
	publisher = {National Academy of Sciences},
	title = {Eigenvalues of the Laplace Operator on Certain Manifolds},
	volume = {51},
	year = {1964}
}

@article{HezariZhiqinRowlett:2021Trapezoid,
	author = {Hezari, Hamid and Lu, Zhiqin  and Rowlett, Julie},
	title = {The Dirichlet isospectral problem for trapezoids},
	journal = {Journal of Mathematical Physics},
	volume = {62},
	number = {5},
	pages = {051511},
	year = {2021},
	doi = {10.1063/5.0036384},
	URL = {https://aip.scitation.org/doi/10.1063/5.0036384},
	publisher = {American Institute of Physics}
}

@article{BergerGauduchonMazet:1971Spectre,
	title={Le spectre d'une vari{\'e}t{\'e} riemannienne},
	author={Berger, Marcel and Gauduchon, Paul and Mazet, Edmond},
	journal={Le Spectre d’une Vari{\'e}t{\'e} Riemannienne},
	pages={141--241},
	year={1971},
	publisher={Springer},
	doi = {10.1007/BFb0064646},
	URL = {https://link.springer.com/chapter/10.1007/BFb0064646}
}

@article{Pleijel:1954Green,
	author = {{\AA}ke Pleijel},
	title = {{A study of certain Green's functions with applications in the theory of vibrating membranes}},
	volume = {2},
	journal = {Arkiv för Matematik},
	number = {6},
	publisher = {Institut Mittag-Leffler},
	pages = {553 -- 569},
	year = {1954},
	doi = {10.1007/BF02591229},
	URL = {https://projecteuclid.org/journals/arkiv-for-matematik/volume-2/issue-6/A-study-of-certain-Greens-functions-with-applications-in-the/10.1007/BF02591229.full}
}

@article{vandenBergSrisatkunarajah:1988Heat,
	title={Heat equation for a region in R2 with a polygonal boundary},
	author={van den Berg, Michiel and Srisatkunarajah, Sivakolundu},
	journal={Journal of the London Mathematical Society},
	volume={2},
	number={1},
	pages={119--127},
	year={1988},
	publisher={Oxford University Press}
}

@article{Gottlieb:1983Annular,
	author = {Gottlieb, Hans P. W.},
	year = {1983},
	month = {04},
	pages={435–438},
	title = {Hearing the shape of an annular drum},
	volume = {24},
	journal = {The Journal of The Australian Mathematical Society. Series B. Applied Mathematics},
	doi = {10.1017/S0334270000003799},
	url = {https://www.cambridge.org/core/journals/anziam-journal/article/hearing-the-shape-of-an-annular-drum/310B747E6FC44E3694E9991DC331852D}
}

@article{Pinsky:1984Brownian,
	title={Can you feel the shape of a manifold with Brownian motion?},
	author={Pinsky, Mark A.},
	journal={Expositiones Mathematicae},
	volume={2},
	pages={263--271},
	year={1984},
	publisher={Elsevier}
}

@inproceedings{Kac:1951Connections,
	title={On some connections between probability theory and differential and integral equations},
	author={Kac, Mark},
	booktitle={Proceedings of the second Berkeley symposium on mathematical statistics and probability},
	volume={2},
	pages={189--216},
	year={1951},
	organization={University of California Press}
}

@inproceedings{Witt:1941identitat,
	title={Eine Identit{\"a}t zwischen Modulformen zweiten Grades},
	author={Witt, Ernst},
	booktitle={Abhandlungen aus dem Mathematischen Seminar der Universit{\"a}t Hamburg},
	volume={14},
	number={1},
	pages={323--337},
	year={1941},
	organization={Springer}
}

@inproceedings{Fedosov:1963Asymptotic,
	title={Asymptotic formulae for the eigenvalues of the Laplace operator in the case of a polygonal domain},
	author={Fedosov, Boris Vasil'evich},
	booktitle={Doklady Akademii Nauk},
	volume={151},
	number={4},
	pages={786--789},
	year={1963},
	organization={Russian Academy of Sciences},
	language = {rus}
}

@phdthesis{Durso:1988Inverse,
	title={On the inverse spectral problem for polygonal domains},
	author={Durso, Catherine},
	year={1988},
	school={Massachusetts Institute of Technology},
	url = {https://dspace.mit.edu/handle/1721.1/84196},
	doi = {1721.1/84196}
}

@mathesis{Nilsson:2020Flat,
	title={Can one hear the shape of a flat torus? A look at whether isospectrality gives isometry},
	author={Nilsson, Erik},
	year={2020},
	school={Chalmers University of Technology},
	url = {https://odr.chalmers.se/server/api/core/bitstreams/0d26220e-42ad-474b-b77b-bab310c4918a/content}
}